@misc{scikittda2019,
    author       = {Nathaniel Saul and Chris Tralie},
    title        = {Scikit-TDA: Topological Data Analysis for Python},
    year         = 2019,
    doi          = {10.5281/zenodo.2533369},
    url          = {https://doi.org/10.5281/zenodo.2533369}
}

